<record><leader>00000cas a22000007a 4500</leader><controlfield tag="001">9832943</controlfield><controlfield tag="008">830822d19281980ksuwr ne      0    0eng d</controlfield><datafield ind1=" " ind2=" " tag="010"><subfield code="a">sn 83040513 </subfield></datafield><datafield ind1=" " ind2=" " tag="040"><subfield code="a">KSH</subfield><subfield code="b">eng</subfield><subfield code="c">KSH</subfield><subfield code="d">NPT</subfield><subfield code="d">OCLCQ</subfield></datafield><datafield ind1=" " ind2=" " tag="042"><subfield code="a">msc</subfield></datafield><datafield ind1=" " ind2=" " tag="043"><subfield code="a">n-us-ks</subfield></datafield><datafield ind1="0" ind2="0" tag="245"><subfield code="a">Western Butler County times.</subfield></datafield><datafield ind1=" " ind2=" " tag="260"><subfield code="a">Towanda, Kan. :</subfield><subfield code="b">Luella B. Welch,</subfield><subfield code="c">-1980.</subfield></datafield><datafield ind1=" " ind2=" " tag="300"><subfield code="a">v. :</subfield><subfield code="b">ill. ;</subfield><subfield code="c">50 cm.</subfield></datafield><datafield ind1=" " ind2=" " tag="310"><subfield code="a">Weekly</subfield></datafield><datafield ind1="0" ind2=" " tag="362"><subfield code="a">-v. 55, no. 8 (Aug. 27, 1980).</subfield></datafield><datafield ind1="1" ind2=" " tag="362"><subfield code="a">Began in 1928.</subfield><subfield code="z">Cf. Ayer, 1953.</subfield></datafield><datafield ind1=" " ind2=" " tag="500"><subfield code="a">Published on Thursday.</subfield></datafield><datafield ind1=" " ind2=" " tag="500"><subfield code="a">Editor: Edgar R. Welch.</subfield></datafield><datafield ind1=" " ind2=" " tag="530"><subfield code="a">Available on microfilm from the Forman Co., Monmouth, Ill.</subfield></datafield><datafield ind1=" " ind2=" " tag="588"><subfield code="a">Description based on: Vol. 8, no. 24 (Nov. 12, 1936).</subfield></datafield><datafield ind1="1" ind2=" " tag="700"><subfield code="a">Welch, Edgar R.</subfield></datafield><datafield ind1="1" ind2=" " tag="700"><subfield code="a">Welch, Luella B.</subfield></datafield><datafield ind1=" " ind2=" " tag="752"><subfield code="a">United States</subfield><subfield code="b">Kansas</subfield><subfield code="c">Butler</subfield><subfield code="d">Towanda.</subfield></datafield><datafield ind1="0" ind2="4" tag="785"><subfield code="t">Butler County news and Butler free-lance</subfield><subfield code="w">(DLC)sn 83040514</subfield></datafield></record>